@online{britannica-transistor,
    title = {Transistor {\textbar} Definition \& Uses {\textbar} Britannica},
    url = {https://www.britannica.com/technology/transistor},
    abstract = {Transistor, semiconductor device for amplifying, controlling,
                and generating electrical signals.},
    urldate = {2024-11-22},
    date = {2024-10-30},
    langid = {english},
    file = {
            Snapshot:/home/stormblessed/Zotero/storage/7TDIIIN7/transistor.html:text/html
            },
}

@article{crow2004evolution,
    title = {Evolution of the graphical processing unit},
    author = {Crow, Thomas Scott},
    journal = {A professional paper submitted in partial fulfillment of the
               requirements for the degree of Master of Science with a major in
               Computer Science, University of Nevada, Reno},
    year = {2004},
    publisher = {Citeseer},
}

@article{mcclanahan2010history,
    title = {History and evolution of gpu architecture},
    author = {McClanahan, Chris},
    journal = {A Survey Paper},
    volume = {9},
    pages = {1--7},
    year = {2010},
}

 @misc{wiki:vertex,
    author = "OpenGL Wiki",
    title = "Vertex Specification --- OpenGL Wiki{,} ",
    year = "2024",
    url = "\url{
           http://www.khronos.org/opengl/wiki_opengl/index.php?title=Vertex_Specification&oldid=14990
           }",
    note = "[Online; accessed 12-December-2024]",
}

@article{owens2008gpu,
    title = {GPU computing},
    author = {Owens, John D and Houston, Mike and Luebke, David and Green, Simon
              and Stone, John E and Phillips, James C},
    journal = {Proceedings of the IEEE},
    volume = {96},
    number = {5},
    pages = {879--899},
    year = {2008},
    publisher = {IEEE},
}

@misc{nvidia256,
    url = {
           https://developer.download.nvidia.com/assets/gamedev/docs/TransformAndLighting.pdf
           },
    journal = {Transform and lighting | nvidia},
}

@misc{scratchapixelRasterization,
    author = {},
    title = {{R}asterization --- scratchapixel.com},
    howpublished = {\url{
                    https://www.scratchapixel.com/lessons/3d-basic-rendering/rasterization-practical-implementation/overview-rasterization-algorithm.html
                    }},
    year = {},
    note = {[Accessed 12-12-2024]},
}

@misc{graphicscompendiumGraphicsCompendium,
    author = {Ian Dunn},
    title = {{G}raphics {C}ompendium | {G}raphics {P}ipeline {R}eview ---
             graphicscompendium.com},
    howpublished = {\url{
                    https://graphicscompendium.com/opengl/24-clipping-culling}},
    year = {},
    note = {[Accessed 12-12-2024]},
}

@article{agoston2005transformations,
    title = {Transformations and the Graphics Pipeline},
    author = {Agoston, Max K},
    journal = {Computer Graphics and Geometric Modeling: Implementation and
               Algorithms},
    pages = {111--155},
    year = {2005},
    publisher = {Springer},
}

 @misc{wiki:overview,
    author = "OpenGL Wiki",
    title = "Rendering Pipeline Overview --- OpenGL Wiki{,} ",
    year = "2022",
    url = "\url{
           http://www.khronos.org/opengl/wiki_opengl/index.php?title=Rendering_Pipeline_Overview&oldid=14914
           }",
    note = "[Online; accessed 12-December-2024]",
}

@misc{parojModernUnification,
    author = {},
    title = {{M}odern {U}nification --- paroj.github.io},
    howpublished = {\url{https://paroj.github.io/gltut/History\%20Unified.html}},
    year = {},
    note = {[Accessed 12-12-2024]},
}

@misc{lsu,
    author = {},
    title = {Programmable Graphics Pipeline Architecture --- ece.lsu.edu},
    howpublished = {\url{
                    https://www.ece.lsu.edu/gp/refs/Programmable\%20Graphics\%20Pipeline\%20Architectures.pdf
                    }},
    year = {},
    note = {[Accessed 12-12-2024]},
}

@misc{nvidiafermi,
    author = {Glaskowsky},
    title = {NVIDIA’s Fermi: The First Complete GPU Computing Architecture ---
             nvidia.com},
    howpublished = {\url{
                    https://www.nvidia.com/content/pdf/fermi_white_papers/p.glaskowsky_nvidia's_fermi-the_first_complete_gpu_architecture.pdf
                    }},
    year = {},
    note = {[Accessed 12-12-2024]},
}

@article{dally2021evolution,
    title = {Evolution of the graphics processing unit (GPU)},
    author = {Dally, William J and Keckler, Stephen W and Kirk, David B},
    journal = {IEEE Micro},
    volume = {41},
    number = {6},
    pages = {42--51},
    year = {2021},
    publisher = {IEEE},
}

@misc{nvidiaCUDAProgramming,
    author = {},
    title = {CUDA C++ Programming Guide --- docs.nvidia.com},
    howpublished = {\url{https://docs.nvidia.com/cuda/cuda-c-programming-guide/
                    }},
    year = {},
    note = {[Accessed 12-12-2024]},
}

@book{aamodt2018general,
    title = {General-purpose graphics processor architectures},
    author = {Aamodt, Tor M and Fung, Wilson Wai Lun and Rogers, Timothy G and
              Martonosi, Margaret},
    year = {2018},
    publisher = {Springer},
}

@misc{chipsandcheeseInsideKepler,
    author = {Chester Lam},
    title = {{I}nside {K}epler, {N}vidia’s {S}trong {S}tart on 28 nm ---
             chipsandcheese.com},
    howpublished = {\url{
                    https://chipsandcheese.com/p/inside-kepler-nvidias-strong-start-on-28-nm
                    }},
    year = {},
    note = {[Accessed 12-12-2024]},
}

@inproceedings{gong2017multi2sim,
    title = {Multi2Sim Kepler: A detailed architectural GPU simulator},
    author = {Gong, Xun and Ubal, Rafael and Kaeli, David},
    booktitle = {2017 IEEE International Symposium on Performance Analysis of
                 Systems and Software (ISPASS)},
    pages = {269--278},
    year = {2017},
    organization = {IEEE},
}

@misc{githubSGEMM,
    author = {},
    title = {SGEMM --- github.com},
    howpublished = {\url{
                    https://github.com/NervanaSystems/maxas/wiki/SGEMM\#calculating-c-register-banks-and-reuse
                    }},
    year = {},
    note = {[Accessed 12-12-2024]},
}

@misc{githubControlCodes,
    author = {},
    title = {{C}ontrol {C}odes --- github.com},
    howpublished = {\url{
                    https://github.com/NervanaSystems/maxas/wiki/Control-Codes}},
    year = {},
    note = {[Accessed 12-12-2024]},
}

@misc{chipsandcheeseMaxwellNvidias,
    author = {Chester Lam},
    title = {{M}axwell: {N}vidia’s {S}ilver 28nm {H}ammer --- chipsandcheese.com
             },
    howpublished = {\url{
                    https://chipsandcheese.com/p/maxwell-nvidias-silver-28nm-hammer
                    }},
    year = {},
    note = {[Accessed 12-12-2024]},
}

@article{jia2019dissecting,
    title = {Dissecting the nvidia turing t4 gpu via microbenchmarking},
    author = {Jia, Zhe and Maggioni, Marco and Smith, Jeffrey and Scarpazza,
              Daniele Paolo},
    journal = {arXiv preprint arXiv:1903.07486},
    year = {2019},
}

@inproceedings{adalbert2022pastis,
    title = {PasTiS: building an NVIDIA Pascal GPU simulator for embedded AI
             applications},
    author = {Adalbert, Micha{\"e}l and Carle, Thomas and Rochange, Christine},
    booktitle = {11th European Congress on Embedded Real-Time Systems (ERTS
                 2022)},
    year = {2022},
}

@article{jia2018dissecting,
    title = {Dissecting the NVIDIA volta GPU architecture via microbenchmarking},
    author = {Jia, Zhe and Maggioni, Marco and Staiger, Benjamin and Scarpazza,
              Daniele P},
    journal = {arXiv preprint arXiv:1804.06826},
    year = {2018},
}

@article{sun2022dissecting,
    title = {Dissecting tensor cores via microbenchmarks: Latency, throughput
             and numeric behaviors},
    author = {Sun, Wei and Li, Ang and Geng, Tong and Stuijk, Sander and
              Corporaal, Henk},
    journal = {IEEE Transactions on Parallel and Distributed Systems},
    volume = {34},
    number = {1},
    pages = {246--261},
    year = {2022},
    publisher = {IEEE},
}

@misc{nvidiaChapterGeForce,
    author = {},
    title = {{C}hapter 30. {T}he {G}e{F}orce 6 {S}eries {G}{P}{U} {A}rchitecture
             --- developer.nvidia.com},
    howpublished = {\url{
                    https://developer.nvidia.com/gpugems/gpugems2/part-iv-general-purpose-computation-gpus-primer/chapter-30-geforce-6-series-gpu
                    }},
    year = {},
    note = {[Accessed 12-12-2024]},
}

@misc{wiki:Graphics_pipeline,
    author = "Wikipedia",
    title = "{Graphics pipeline} --- {W}ikipedia{,} The Free Encyclopedia",
    year = "2024",
    howpublished = {\url{http://en.wikipedia.org/w/index.php?title=Graphics\%
                    20pipeline&oldid=1250062961}},
    note = "[Online; accessed 12-December-2024]",
}

@online{yt,
    title = {"Understanding the V100 SM"},
    author = {"Kayvon Fatahalian"},
    year = {"2021"},
    url = {"https://www.youtube.com/watch?v=2cHKY6ZcEEM"},
}
