
@online{intel:manufacturing,
	title = {Semiconductor Manufacturing Process {\textbar} Intel 18A, 3, and 16},
	url = {https://www.intel.com/content/www/us/en/foundry/process.html},
	abstract = {See how Intel is enabling tomorrow's semiconductor manufacturing process technologies to deliver a systems foundry for the {AI} era.},
	titleaddon = {Intel},
	urldate = {2024-12-19},
	langid = {english},
	file = {Snapshot:/home/stormblessed/Zotero/storage/GS7QQUER/process.html:text/html},
}

@online{wiki:capacitor,
	title = {Capacitor - Wikipedia},
	url = {https://en.wikipedia.org/wiki/Capacitor},
	urldate = {2024-12-19},
	file = {Capacitor - Wikipedia:/home/stormblessed/Zotero/storage/RESNF5JC/Capacitor.html:text/html},
}

@online{wiki:transistor,
	title = {Transistor - Wikipedia},
	url = {https://en.wikipedia.org/wiki/Transistor},
	urldate = {2024-12-19},
	file = {Transistor - Wikipedia:/home/stormblessed/Zotero/storage/URTK579W/Transistor.html:text/html},
}
