
@incollection{agoston2005transformations,
	location = {London},
	title = {Transformations and the Graphics Pipeline},
	isbn = {978-1-84628-108-2},
	url = {https://doi.org/10.1007/1-84628-108-3_4},
	pages = {111--155},
	booktitle = {Computer Graphics and Geometric Modeling: Implementation and Algorithms},
	publisher = {Springer},
	editor = {Agoston, Max K.},
	urldate = {2024-12-19},
	date = {2005},
	langid = {english},
	doi = {10.1007/1-84628-108-3_4},
}
