
@article{micron:gddr,
	title = {{M}icron {TN}-{ED}-03: {GDDR}6: The Next-Generation Graphics {DRAM}},
	date = {2017},
	langid = {english},
	url = {https://www.mouser.com/pdfDocs/tned03_gddr6-4.pdf},
}
