
@article{isca02:dram,
	title = {({DRAM}-Tutorial-isca2002)},
	author = {Jacob, Bruce and Wang, David},
	date = {2002},
	langid = {english},
	file = {PDF:/home/stormblessed/Zotero/storage/X4UY8QNX/Jacob and Wang - 2002 - (DRAM-Tutorial-isca2002).pdf:application/pdf},
}

@article{nagano:dram,
	title = {Nagano College, Nagano, Japan},
	author = {Co-Chair, Session and Bae, Seung-Jun},
	date = {2017},
	langid = {english},
	file = {PDF:/home/stormblessed/Zotero/storage/3QPW26YU/Co-Chair and Bae - 2017 - Nagano College, Nagano, Japan.pdf:application/pdf},
}
